[gd_scene load_steps=23 format=2]

[ext_resource path="res://World/UrbanKit/house_type13.obj" type="ArrayMesh" id=1]
[ext_resource path="res://World/UrbanKit/tree_large.obj" type="ArrayMesh" id=2]
[ext_resource path="res://World/UrbanKit/house_type11.obj" type="ArrayMesh" id=3]
[ext_resource path="res://World/UrbanKit/house_type01.obj" type="ArrayMesh" id=4]
[ext_resource path="res://World/NatureKit/plant_bushLarge.obj" type="ArrayMesh" id=5]
[ext_resource path="res://World/NatureKit/stump_old.obj" type="ArrayMesh" id=6]
[ext_resource path="res://World/UrbanKit/path_tilesLong.obj" type="ArrayMesh" id=7]
[ext_resource path="res://World/UrbanKit/fence_short.obj" type="ArrayMesh" id=8]
[ext_resource path="res://World/NatureKit/plant_bushSmall.obj" type="ArrayMesh" id=9]
[ext_resource path="res://World/CityKit/road_straight.obj" type="ArrayMesh" id=10]
[ext_resource path="res://World/CityKit/road_crossroad.obj" type="ArrayMesh" id=11]
[ext_resource path="res://World/NatureKit/path_stoneEnd.obj" type="ArrayMesh" id=12]
[ext_resource path="res://World/UrbanKit/path_long.obj" type="ArrayMesh" id=13]
[ext_resource path="res://World/NatureKit/path_stone.obj" type="ArrayMesh" id=14]
[ext_resource path="res://World/NatureKit/tree_thin.obj" type="ArrayMesh" id=15]
[ext_resource path="res://World/NatureKit/tree_oak.obj" type="ArrayMesh" id=16]
[ext_resource path="res://World/UrbanKit/house_type03.obj" type="ArrayMesh" id=17]
[ext_resource path="res://World/UrbanKit/fence_large.obj" type="ArrayMesh" id=18]
[ext_resource path="res://World/UrbanKit/tree_small.obj" type="ArrayMesh" id=19]
[ext_resource path="res://World/UrbanKit/driveway_long.obj" type="ArrayMesh" id=20]
[ext_resource path="res://World/NatureKit/pot_small.obj" type="ArrayMesh" id=21]
[ext_resource path="res://World/NatureKit/ground_grass.obj" type="ArrayMesh" id=22]

[node name="Spatial" type="Spatial"]

[node name="house_type01" type="MeshInstance" parent="."]
transform = Transform( 1, 0, 0, 0, 1, 0, 0, 0, 1, -0.444629, 0, 0.45999 )
mesh = ExtResource( 4 )
material/0 = null
material/1 = null
material/2 = null
material/3 = null
material/4 = null

[node name="driveway_long" type="MeshInstance" parent="house_type01"]
transform = Transform( 1, 0, 0, 0, 1, 0, 0, 0, 1, -1.09016, 0, -1.16756 )
mesh = ExtResource( 20 )
material/0 = null
material/1 = null

[node name="house_type03" type="MeshInstance" parent="."]
transform = Transform( 1, 0, 0, 0, 1, 0, 0, 0, 1, 1.28266, 0, 1.42732 )
mesh = ExtResource( 17 )
material/0 = null
material/1 = null
material/2 = null
material/3 = null
material/4 = null

[node name="house_type11" type="MeshInstance" parent="."]
transform = Transform( -1, 0, -8.74228e-08, 0, 1, 0, 8.74228e-08, 0, -1, -1.16525, 0, -1.4065 )
mesh = ExtResource( 3 )
material/0 = null
material/1 = null
material/2 = null
material/3 = null
material/4 = null

[node name="house_type13" type="MeshInstance" parent="."]
transform = Transform( -1, 0, -8.74228e-08, 0, 1, 0, 8.74228e-08, 0, -1, 1.18865, 0, -0.902794 )
mesh = ExtResource( 1 )
material/0 = null
material/1 = null
material/2 = null
material/3 = null
material/4 = null

[node name="road_crossroad" type="MeshInstance" parent="."]
mesh = ExtResource( 11 )
material/0 = null
material/1 = null
material/2 = null
material/3 = null

[node name="road_straight3" type="MeshInstance" parent="."]
transform = Transform( 1, 0, 0, 0, 1, 0, 0, 0, 1, 1, 0, 0 )
mesh = ExtResource( 10 )
material/0 = null
material/1 = null
material/2 = null
material/3 = null

[node name="road_straight2" type="MeshInstance" parent="."]
transform = Transform( 1, 0, 0, 0, 1, 0, 0, 0, 1, -2, 0, 0 )
mesh = ExtResource( 10 )
material/0 = null
material/1 = null
material/2 = null
material/3 = null

[node name="road_straight" type="MeshInstance" parent="."]
transform = Transform( 1, 0, 0, 0, 1, 0, 0, 0, 1, -1, 0, 0 )
mesh = ExtResource( 10 )
material/0 = null
material/1 = null
material/2 = null
material/3 = null

[node name="road_straight4" type="MeshInstance" parent="."]
transform = Transform( 1, 0, 0, 0, 1, 0, 0, 0, 1, 2, 0, 0 )
mesh = ExtResource( 10 )
material/0 = null
material/1 = null
material/2 = null
material/3 = null

[node name="road_straight5" type="MeshInstance" parent="."]
transform = Transform( -4.37114e-08, 0, 1, 0, 1, 0, -1, 0, -4.37114e-08, 0, 0, 1 )
mesh = ExtResource( 10 )
material/0 = null
material/1 = null
material/2 = null
material/3 = null

[node name="road_straight7" type="MeshInstance" parent="."]
transform = Transform( -4.37114e-08, 0, 1, 0, 1, 0, -1, 0, -4.37114e-08, 0, 0, -1 )
mesh = ExtResource( 10 )
material/0 = null
material/1 = null
material/2 = null
material/3 = null

[node name="road_straight6" type="MeshInstance" parent="."]
transform = Transform( -4.37114e-08, 0, 1, 0, 1, 0, -1, 0, -4.37114e-08, 0, 0, -2 )
mesh = ExtResource( 10 )
material/0 = null
material/1 = null
material/2 = null
material/3 = null

[node name="road_straight8" type="MeshInstance" parent="."]
transform = Transform( -4.37114e-08, 0, 1, 0, 1, 0, -1, 0, -4.37114e-08, 4.37114e-08, 0, 2 )
mesh = ExtResource( 10 )
material/0 = null
material/1 = null
material/2 = null
material/3 = null

[node name="path_long" type="MeshInstance" parent="."]
transform = Transform( 0.98257, 0, 0, 0, 0.98257, 0, 0, 0, 1.50838, -1.138, 0, -0.801119 )
mesh = ExtResource( 13 )
material/0 = null
material/1 = null

[node name="fence_short" type="MeshInstance" parent="."]
transform = Transform( -1, 0, -8.74228e-08, 0, 1, 0, 8.74228e-08, 0, -1, -1.12117, 0.0199997, -2.08328 )
mesh = ExtResource( 8 )
material/0 = null

[node name="fence_large" type="MeshInstance" parent="."]
transform = Transform( 1, 0, 0, 0, 1, 0, 0, 0, 1, -1.09109, 0.00999975, 1.84993 )
mesh = ExtResource( 18 )
material/0 = null

[node name="path_tilesLong2" type="MeshInstance" parent="."]
transform = Transform( 1, 0, 0, 0, 1, 0, 0, 0, 1, 1.48, 0, 0.603497 )
mesh = ExtResource( 7 )
material/0 = null
material/1 = null

[node name="path_tilesLong" type="MeshInstance" parent="."]
transform = Transform( 1, 0, 0, 0, 1, 0, 0, 0, 1, 1.48026, 0, 1.00337 )
mesh = ExtResource( 7 )
material/0 = null
material/1 = null

[node name="tree_small" type="MeshInstance" parent="."]
transform = Transform( 1, 0, 0, 0, 1, 0, 0, 0, 1, 1.82096, 0.00999999, 0.63552 )
mesh = ExtResource( 19 )
material/0 = null
material/1 = null

[node name="tree_large" type="MeshInstance" parent="."]
transform = Transform( 1, 0, 0, 0, 1, 0, 0, 0, 1, 1.95755, 0.00999999, 0.805197 )
mesh = ExtResource( 2 )
material/0 = null
material/1 = null

[node name="plant_bushLarge" type="MeshInstance" parent="."]
transform = Transform( 1, 0, 0, 0, 1, 0, 0, 0, 1, -0.817149, 0.00999999, -0.72288 )
mesh = ExtResource( 5 )
material/0 = null

[node name="pot_small" type="MeshInstance" parent="."]
transform = Transform( 0.5, 0, 0, 0, 0.5, 0, 0, 0, 0.5, -1.25271, 0.00999975, 1.52155 )
mesh = ExtResource( 21 )
material/0 = null
material/1 = null
material/2 = null

[node name="tree_thin" type="MeshInstance" parent="."]
transform = Transform( 0.5, 0, 0, 0, 0.5, 0, 0, 0, 0.5, -0.853612, 0.00999999, 1.89525 )
mesh = ExtResource( 15 )
material/0 = null
material/1 = null

[node name="fence_large2" type="MeshInstance" parent="."]
transform = Transform( -1, 0, -8.74228e-08, 0, 1, 0, 8.74228e-08, 0, -1, 1.20214, 0.00999999, -1.86399 )
mesh = ExtResource( 18 )
material/0 = null

[node name="stump_old" type="MeshInstance" parent="."]
transform = Transform( 1, 0, 0, 0, 1, 0, 0, 0, 1, 0.82403, 0.00999999, -1.52262 )
mesh = ExtResource( 6 )
material/0 = null

[node name="tree_oak" type="MeshInstance" parent="."]
transform = Transform( 0.5, 0, 0, 0, 0.5, 0, 0, 0, 0.5, 1.52157, 0.00999987, -2.18001 )
mesh = ExtResource( 16 )
material/0 = null
material/1 = null

[node name="plant_bushSmall" type="MeshInstance" parent="."]
transform = Transform( 1, 0, 0, 0, 1, 0, 0, 0, 1, 1.47397, 0.00999975, -1.55481 )
mesh = ExtResource( 9 )
material/0 = null

[node name="path_stone" type="MeshInstance" parent="."]
transform = Transform( -2.18557e-08, 0, 0.5, 0, 0.5, 0, -0.5, 0, -2.18557e-08, 1.20393, 0.00999987, -1.57435 )
mesh = ExtResource( 14 )
material/0 = null
material/1 = null
material/2 = null

[node name="path_stoneEnd" type="MeshInstance" parent="."]
transform = Transform( 0.5, 0, 0, 0, 0.5, 0, 0, 0, 0.5, -1.06891, 0.0100002, -1.98872 )
mesh = ExtResource( 12 )
material/0 = null
material/1 = null
material/2 = null

[node name="ground_grass" type="MeshInstance" parent="."]
transform = Transform( 2, 0, 0, 0, 2, 0, 0, 0, 2, -1.5, 0, 1.5 )
mesh = ExtResource( 22 )
material/0 = null

[node name="ground_grass2" type="MeshInstance" parent="."]
transform = Transform( 2, 0, 0, 0, 2, 0, 0, 0, 2, -1.5, 0, -1.5 )
mesh = ExtResource( 22 )
material/0 = null

[node name="ground_grass3" type="MeshInstance" parent="."]
transform = Transform( 2, 0, 0, 0, 2, 0, 0, 0, 2, 1.5, 0, 1.5 )
mesh = ExtResource( 22 )
material/0 = null

[node name="ground_grass4" type="MeshInstance" parent="."]
transform = Transform( 2, 0, 0, 0, 2, 0, 0, 0, 2, 1.5, 0, -1.5 )
mesh = ExtResource( 22 )
material/0 = null
